@BOOK{Dem10,
	AUTHOR = {Demtr√∂der, W.},
	YEAR = {2010},
	TITLE = {Experimentalphysik 4 - Kern-, Teilchen- Und Astrophysik},
	EDITION = {3. Auflage},
	ISBN = {978-3-642-01598-4},
	PUBLISHER = {Springer DE},
	ADDRESS = {Berlin}
}
@BOOK{HND1,
	AUTHOR = {},
	YEAR = {},
	TITLE = {Handblaetter Physik Atom und Kernphysik},
	PUBLISHER = {Leybold Didaktik},
	ADDRESS = {Huerth},

}
@MISC{FHR,
	AUTHOR = {},
	YEAR = {},
	TITLE = {},
	PUBLISHER = {},
	ADDRESS = {},
	URL = {http://dodo.fb06.fh-muenchen.de/lab_didaktik/at-1-2-n.htm},

}